@article{Schramm_2022,	doi = {10.3389/fnume.2022.936091},	url = {https://doi.org/10.3389%2Ffnume.2022.936091},	year = 2022,	month = {jul},	publisher = {Frontiers Media {SA}},	volume = {2},	author = {Georg Schramm},	title = {Reconstruction-free positron emission imaging: Fact or fiction?},	journal = {Frontiers in Nuclear Medicine}},
@article{van_Aalst_2021,	doi = {10.1007/s00259-021-05518-6},	url = {https://doi.org/10.1007%2Fs00259-021-05518-6},	year = 2021,	month = {aug},	publisher = {Springer Science and Business Media {LLC}},	volume = {49},	number = {2},	pages = {664--680},	author = {June van Aalst and Martijn Devrome and Donatienne Van Weehaeghe and Ahmadreza Rezaei and Ahmed Radwan and Georg Schramm and Jenny Ceccarini and Stefan Sunaert and Michel Koole and Koen Van Laere},	title = {Regional glucose metabolic decreases with ageing are associated with microstructural white matter changes: a simultaneous {PET}/{MR} study},	journal = {European Journal of Nuclear Medicine and Molecular Imaging}},
@article{schramm2022fast,title={Fast and memory-efficient reconstruction of
    sparse Poisson data in listmode with non-smooth priors with application to
        time-of-flight PET},author={Schramm, Georg and Holler,
            Martin},journal={Physics in Medicine \&
                Biology},year={2022},publisher={IOP Publishing},
            selected={true}}
,
@article{Reader_2021,	doi = {10.2967/jnumed.121.262303},	url =
    {https://doi.org/10.2967%2Fjnumed.121.262303},	year = 2021,	month =
    {jul},	publisher = {Society of Nuclear Medicine},	volume = {62},	number
    = {10},	pages = {1330--1333},	author = {Andrew J. Reader and Georg
        Schramm},	title = {Artificial Intelligence for {PET} Image
            Reconstruction},	journal = {Journal of Nuclear Medicine},
        selected={true}},
@article{Rezaei_2021,
	doi = {10.1088/1361-6560/ac2268},
	url = {https://doi.org/10.1088%2F1361-6560%2Fac2268},
	year = 2021,
	month = {sep},
	publisher = {{IOP} Publishing},
	volume = {66},
	number = {18},
	pages = {184001},
	author = {Ahmadreza Rezaei and Matthew Spangler-Bickell and Georg Schramm and Koen Van Laere and Johan Nuyts and Michel Defrise},
	title = {Rigid motion tracking using moments of inertia in {TOF}-{PET} brain studies},
	journal = {Physics in Medicine {\&} Biology}
},
@article{Vergara_2021,
	doi = {10.1109/trpms.2021.3079462},
	url = {https://doi.org/10.1109%2Ftrpms.2021.3079462},
	year = 2021,
	month = {sep},
	publisher = {Institute of Electrical and Electronics Engineers ({IEEE})},
	volume = {5},
	number = {5},
	pages = {712--722},
	author = {Marina Vergara and Ahmadreza Rezaei and Georg Schramm and Maria Jose Rodriguez-Alvarez and Jose Maria Benlloch Baviera and Johan Nuyts},
	title = {2-D Feasibility Study of Joint Reconstruction of Attenuation and Activity in Limited Angle {TOF}-{PET}},
	journal = {{IEEE} Transactions on Radiation and Plasma Medical Sciences}
},
@article{schramm2021approximating,title={Approximating anatomically-guided PET
    reconstruction in image space using a convolutional neural
        network},author={Schramm, Georg and Rigie, David and Vahle, Thomas and
            Rezaei, Ahmadreza and Van Laere, Koen and Shepherd, Timothy and
                Nuyts, Johan and Boada,
            Fernando},journal={Neuroimage},volume={224},pages={117399},year={2021},publisher={Academic
                Press},selected={true}}
,
@article{degtiarova2021impact,title={Impact of left bundle branch block on myocardial perfusion and metabolism: A positron emission tomography study},author={Degtiarova, Ganna and Claus, Piet and Duchenne, J{\"u}rgen and Schramm, Georg and Nuyts, Johan and Verberne, Hein J and Voigt, Jens-Uwe and Gheysens, Olivier},journal={Journal of Nuclear Cardiology},volume={28},number={4},pages={1730--1739},year={2021},publisher={Springer International Publishing}}
,
@article{schaart2021time,title={Time of flight in perspective: instrumental and computational aspects of time resolution in positron emission tomography},author={Schaart, Dennis R and Schramm, Georg and Nuyts, Johan and Surti, Suleman},journal={IEEE transactions on radiation and plasma medical sciences},volume={5},number={5},pages={598--618},year={2021},publisher={IEEE}}
,
@article{Boudewijns_2020,	doi = {10.1038/s41467-020-19684-y},	url = {https://doi.org/10.1038%2Fs41467-020-19684-y},	year = 2020,	month = {nov},	publisher = {Springer Science and Business Media {LLC}},	volume = {11},	number = {1},	author = {Robbert Boudewijns and Hendrik Jan Thibaut and Suzanne J. F. Kaptein and Rong Li and Valentijn Vergote and Laura Seldeslachts and Johan Van Weyenbergh and Carolien De Keyzer and Lindsey Bervoets and Sapna Sharma and Laurens Liesenborghs and Ji Ma and Sander Jansen and Dominique Van Looveren and Thomas Vercruysse and Xinyu Wang and Dirk Jochmans and Erik Martens and Kenny Roose and Dorien De Vlieger and Bert Schepens and Tina Van Buyten and Sofie Jacobs and Yanan Liu and Joan Mart{\'{\i}}-Carreras and Bert Vanmechelen and Tony Wawina-Bokalanga and Leen Delang and Joana Rocha-Pereira and Lotte Coelmont and Winston Chiu and Pieter Leyssen and Elisabeth Heylen and Dominique Schols and Lanjiao Wang and Lila Close and Jelle Matthijnssens and Marc Van Ranst and Veerle Compernolle and Georg Schramm and Koen Van Laere and Xavier Saelens and Nico Callewaert and Ghislain Opdenakker and Piet Maes and Birgit Weynand and Christopher Cawthorne and Greetje Vande Velde and Zhongde Wang and Johan Neyts and Kai Dallmeier},	title = {{STAT}2 signaling restricts viral dissemination but drives severe pneumonia in {SARS}-{CoV}-2 infected hamsters},	journal = {Nature Communications}},
@article{Van_Weehaeghe_2020,	doi = {10.2967/jnumed.119.241059},	url = {https://doi.org/10.2967%2Fjnumed.119.241059},	year = 2020,	month = {mar},	publisher = {Society of Nuclear Medicine},	volume = {61},	number = {11},	pages = {1621--1627},	author = {Donatienne Van Weehaeghe and Suma Babu and Joke De Vocht and Nicole R. ZÃ¼rcher and Sheena Chew and Chieh-En J. Tseng and Marco L. Loggia and Michel Koole and Ahmadreza Rezaei and Georg Schramm and Philip Van Damme and Jacob M. Hooker and Koen Van Laere and Nazem Atassi},	title = {Moving Toward Multicenter Therapeutic Trials in Amyotrophic Lateral Sclerosis: Feasibility of Data Pooling Using Different Translocator Protein {PET} Radioligands},	journal = {Journal of Nuclear Medicine}},
@article{van2020combined,title={Combined brain and spinal FDG PET allows differentiation between ALS and ALS mimics},author={Van Weehaeghe, Donatienne and Devrome, Martijn and Schramm, Georg and De Vocht, Joke and Deckers, Wies and Baete, Kristof and Van Damme, Philip and Koole, Michel and Van Laere, Koen},journal={European Journal of Nuclear Medicine and Molecular Imaging},volume={47},number={11},pages={2681--2690},year={2020},publisher={Springer Berlin Heidelberg}}
,
@article{van2020long,title={Long-term Ashtanga yoga practice decreases medial temporal and brainstem glucose metabolism in relation to years of experience},author={van Aalst, June and Ceccarini, Jenny and Schramm, Georg and Van Weehaeghe, Donatienne and Rezaei, Ahmadreza and Demyttenaere, Koen and Sunaert, Stefan and Van Laere, Koen},journal={EJNMMI research},volume={10},number={1},pages={1--8},year={2020},publisher={SpringerOpen}}
,
@article{meikle_sossi_roncali_cherry_banati_mankoff_jones_james_sutcliffe_ouyang_et al._2020, title={Quantitative PET in the 2020s: A Roadmap.}, journal={Physics in medicine and biology}, author={Meikle, Steven R. and Sossi, Vesna and Roncali, Emilie and Cherry, Simon R. and Banati, Richard and Mankoff, David A. and Jones, Terry and James, Michelle L. and Sutcliffe, Julie and Ouyang, Jinsong and et al.}, year={2020}},
@article{de2020use,title={Use of multimodal imaging and clinical biomarkers in presymptomatic carriers of C9orf72 repeat expansion},author={De Vocht, Joke and Blommaert, Jeroen and Devrome, Martijn and Radwan, Ahmed and Van Weehaeghe, Donatienne and De Schaepdryver, Maxim and Ceccarini, Jenny and Rezaei, Ahmadreza and Schramm, Georg and van Aalst, June and others},journal={JAMA neurology},volume={77},number={8},pages={1008--1017},year={2020},publisher={American Medical Association}}
,
@article{tang2020whole,title={Whole liver segmentation based on deep learning and manual adjustment for clinical use in SIRT},author={Tang, Xikai and Jafargholi Rangraz, Esmaeel and Coudyzer, Walter and Bertels, Jeroen and Robben, David and Schramm, Georg and Deckers, Wies and Maleux, Geert and Baete, Kristof and Verslype, Chris and others},journal={European journal of nuclear medicine and molecular imaging},volume={47},number={12},pages={2742--2752},year={2020},publisher={Springer Berlin Heidelberg}}
,
@article{degtiarova_claus_duchenne_cvijic_schramm_nuyts_voigt_gheysens_2019, title={Low septal to lateral wall F-18-FDG ratio is highly associated with mechanical dyssynchrony in non-ischemic CRT candidates}, volume={9}, number={1}, journal={EJNMMI RESEARCH}, publisher={SPRINGER}, author={Degtiarova, Ganna and Claus, Piet and Duchenne, Jurgen and Cvijic, Marta and Schramm, Georg and Nuyts, Johan and Voigt, Jens-Uwe and Gheysens, Olivier}, year={2019}, pages={105}},
@article{schramm_koole_willekens_rezaei_van weehaeghe_delso_peeters_mertens_nuyts_van laere_et al._2019, title={Regional Accuracy of ZTE-Based Attenuation Correction in Static [F-18]FDG and Dynamic [F-18]PE2I Brain PET/MR}, volume={7}, journal={FRONTIERS IN PHYSICS}, publisher={FRONTIERS MEDIA SA}, author={Schramm, Georg and Koole, Michel and Willekens, Stefanie M. A. and Rezaei, Ahmadreza and Van Weehaeghe, Donatienne and Delso, Gaspar and Peeters, Ronald and Mertens, Nathalie and Nuyts, Johan and Van Laere, Koen and et al.}, year={2019}},
@article{rezaei2019quantitative,title={A quantitative evaluation of joint activity and attenuation reconstruction in TOF PET/MR brain imaging},author={Rezaei, Ahmadreza and Schramm, Georg and Willekens, Stefanie MA and Delso, Gaspar and Van Laere, Koen and Nuyts, Johan},journal={Journal of Nuclear Medicine},volume={60},number={11},pages={1649--1655},year={2019},publisher={Society of Nuclear Medicine}}
,
@article{tsai2019benefits,title={Benefits of using a spatially-variant penalty strength with anatomical priors in PET reconstruction},author={Tsai, Yu-Jung and Schramm, Georg and Ahn, Sangtae and Bousse, Alexandre and Arridge, Simon and Nuyts, Johan and Hutton, Brian F and Stearns, Charles W and Thielemans, Kris},journal={IEEE Transactions on Medical Imaging},volume={39},number={1},pages={11--22},year={2019},publisher={IEEE}}
,
@article{rezaei2019estimation,title={Estimation of crystal timing properties and efficiencies for the improvement of (joint) maximum-likelihood reconstructions in TOF-PET},author={Rezaei, Ahmadreza and Schramm, Georg and Van Laere, Koen and Nuyts, Johan},journal={IEEE transactions on medical imaging},volume={39},number={4},pages={952--963},year={2019},publisher={IEEE}}
,
@article{hofheinz2019interobserver,title={Interobserver variability of image-derived arterial blood SUV in whole-body FDG PET},author={Hofheinz, Frank and Maus, Jens and Zschaeck, Sebastian and Rogasch, Julian and Schramm, Georg and Oehme, Liane and Apostolova, Ivayla and Kotzerke, J{\"o}rg and den Hoff, J{\"o}rg van},journal={EJNMMI research},volume={9},number={1},pages={1--8},year={2019},publisher={SpringerOpen}}
,
@article{schramm2019metal,title={Metal artifact correction strategies in MRI-based attenuation correction in PET/MRI},author={Schramm, Georg and Ladefoged, Claes N{\o}hr},journal={BJR Open},volume={1},pages={20190033},year={2019},publisher={The British Institute of Radiology.}}
,
@article{schramm2017evaluation,title={Evaluation of parallel level sets and
    Bowsherâs method as segmentation-free anatomical priors for time-of-flight
        PET reconstruction},author={Schramm, Georg and Holler, Martin and
            Rezaei, Ahmadreza and Vunckx, Kathleen and Knoll, Florian and
                Bredies, Kristian and Boada, Fernando and Nuyts,
            Johan},journal={IEEE transactions on medical
                imaging},volume={37},number={2},pages={590--603},year={2017},publisher={IEEE},selected={true}}
,
@article{platzek2017fdg,title={FDG PET/MR in initial staging of sarcoma: Initial experience and comparison with conventional imaging},author={Platzek, Ivan and Beuthien-Baumann, Bettina and Schramm, Georg and Maus, Jens and Laniado, Michael and Kotzerke, J{\"o}rg and van den Hoff, J{\"o}rg and Schuler, Markus},journal={Clinical Imaging},volume={42},pages={126--123},year={2017},publisher={Elsevier}}
,
@article{massarczyk_schramm_belgya_schwengner_beyer_bemmerer_elekes_grosse_hannaske_junghans_et al._2016, title={Role of electric and magnetic dipole strength functions in the Cd-114(gamma,gamma ') and Cd-113(n,gamma.) reactions}, volume={93}, number={1}, journal={PHYSICAL REVIEW C}, publisher={AMER PHYSICAL SOC}, author={Massarczyk, R. and Schramm, G. and Belgya, T. and Schwengner, R. and Beyer, R. and Bemmerer, D. and Elekes, Z. and Grosse, E. and Hannaske, R. and Junghans, A. R. and et al.}, year={2016}},
@article{petr2016early,title={Early and late effects of radiochemotherapy on cerebral blood flow in glioblastoma patients measured with non-invasive perfusion MRI},author={Petr, Jan and Platzek, Ivan and Seidlitz, Annekatrin and Mutsaerts, Henri JMM and Hofheinz, Frank and Schramm, Georg and Maus, Jens and Beuthien-Baumann, Bettina and Krause, Mechthild and Van Den Hoff, J{\"o}rg},journal={Radiotherapy and Oncology},volume={118},number={1},pages={24--28},year={2016},publisher={Elsevier}}
,
@article{wodtke2016synthesis,title={Synthesis and Kinetic Characterisation of Water-Soluble Fluorogenic Acyl Donors for Transglutaminase 2},author={Wodtke, Robert and Schramm, Georg and Pietzsch, Jens and Pietsch, Markus and L{\"o}ser, Reik},journal={ChemBioChem},volume={17},number={13},pages={1263--1281},year={2016}}
,
@article{lougovski_hofheinz_maus_schramm_van den hoff_2015, title={On the relation between Kaiser-Bessel blob and tube of response based modelling of the system matrix in iterative PET image reconstruction}, volume={60}, number={10}, journal={PHYSICS IN MEDICINE AND BIOLOGY}, publisher={IOP PUBLISHING LTD}, author={Lougovski, Alexandr and Hofheinz, Frank and Maus, Jens and Schramm, Georg and van den Hoff, Joerg}, year={2015}, pages={4209â4224}},
@article{schramm2015correction,title={Correction of quantification errors in pelvic and spinal lesions caused by ignoring higher photon attenuation of bone in [18F] NaF PET/MR},author={Schramm, Georg and Maus, Jens and Hofheinz, Frank and Petr, Jan and Lougovski, Alexandr and Beuthien-Baumann, Bettina and Oehme, Liane and Platzek, Ivan and van den Hoff, J{\"o}rg},journal={Medical physics},volume={42},number={11},pages={6468--6476},year={2015},publisher={American Association of Physicists in Medicine}}
,
@article{maus2015evaluation,title={Evaluation of in vivo quantification accuracy of the Ingenuity-TF PET/MR},author={Maus, Jens and Schramm, Georg and Hofheinz, Frank and Oehme, Liane and Lougovski, Alexandr and Petr, Jan and Platzek, Ivan and Beuthien-Baumann, Bettina and Steinbach, J{\"o}rg and Kotzerke, J{\"o}rg and others},journal={Medical physics},volume={42},number={10},pages={5773--5781},year={2015},publisher={American Association of Physicists in Medicine}}
,
@article{Hofheinz_2014,	doi = {10.3413/nukmed-0588-13-05},	url = {https://doi.org/10.3413%2Fnukmed-0588-13-05},	year = 2014,	month = {may},	publisher = {Georg Thieme Verlag {KG}},	volume = {53},	number = {03},	pages = {67--77},	author = {F. Hofheinz and G. Schramm and L. Oehme and B. Beuthien-Baumann and M. Lukas and R. Buchert and J. Steinbach and J. Kotzerke and J. van den Hoff and J. Maus},	title = {Evaluation of {PET} quantification accuracy in vivo},	journal = {Nuklearmedizin}},
@article{lougovski2014volume,title={A volume of intersection approach for on-the-fly system matrix calculation in 3D PET image reconstruction},author={Lougovski, Alexandr and Hofheinz, F and Maus, J and Schramm, Georg and Will, E and Van den Hoff, J},journal={Physics in Medicine \& Biology},volume={59},number={3},pages={561},year={2014},publisher={IOP Publishing}}
,
@article{van2014correction,title={Correction of scan time dependence of standard uptake values in oncological PET},author={van den Hoff, J{\"o}rg and Lougovski, Alexandr and Schramm, Georg and Maus, Jens and Oehme, Liane and Petr, Jan and Beuthien-Baumann, Bettina and Kotzerke, J{\"o}rg and Hofheinz, Frank},journal={EJNMMI research},volume={4},number={1},pages={1--14},year={2014},publisher={SpringerOpen}}
,
@article{schramm2014evaluation,title={Evaluation and automatic correction of metal-implant-induced artifacts in MR-based attenuation correction in whole-body PET/MR imaging},author={Schramm, Georg and Maus, J and Hofheinz, F and Petr, J and Lougovski, A and Beuthien-Baumann, B and Platzek, I and van den Hoff, J},journal={Physics in Medicine \& Biology},volume={59},number={11},pages={2713},year={2014},publisher={IOP Publishing}}
,
@article{platzek2014fdg,title={FDG PET/MR for lymph node staging in head and neck cancer},author={Platzek, Ivan and Beuthien-Baumann, Bettina and Schneider, Matthias and Gudziol, Volker and Kitzler, Hagen H and Maus, Jens and Schramm, Georg and Popp, Manuel and Laniado, Michael and Kotzerke, J{\"o}rg and others},journal={European Journal of Radiology},volume={83},number={7},pages={1163--1168},year={2014},publisher={Elsevier}}
,
@article{platzek2014fdg,title={FDG PET/MR for the assessment of lymph node involvement in lymphoma: initial results and role of diffusion-weighted MR},author={Platzek, Ivan and Beuthien-Baumann, Bettina and Ordemann, Rainer and Maus, Jens and Schramm, Georg and Kitzler, Hagen H and Laniado, Michael and Kotzerke, J{\"o}rg and van den Hoff, J{\"o}rg},journal={Academic Radiology},volume={21},number={10},pages={1314--1319},year={2014},publisher={Elsevier}}
,
@article{petr2014modeling,title={Modeling magnetization transfer effects of Q2TIPS bolus saturation in multi-TI pulsed arterial spin labeling},author={Petr, Jan and Schramm, Georg and Hofheinz, Frank and Langner, Jens and van den Hoff, J{\"o}rg},journal={Magnetic Resonance in Medicine},volume={72},number={4},pages={1007--1014},year={2014}}
,
@article{massarczyk2014nuclear,title={Nuclear deformation and neutron excess as competing effects for dipole strength in the pygmy region},author={Massarczyk, Ralph and Schwengner, R and D{\"o}nau, F and Frauendorf, S and Anders, M and Bemmerer, D and Beyer, R and Bhatia, C and Birgersson, E and Butterling, M and others},journal={Physical Review Letters},volume={112},number={7},pages={072501},year={2014},publisher={American Physical Society}}
,
@article{apostolova2014quantitative,title={Quantitative assessment of the asphericity of pretherapeutic FDG uptake as an independent predictor of outcome in NSCLC},author={Apostolova, Ivayla and Rogasch, Julian and Buchert, Ralph and Wertzel, Heinz and Achenbach, H Jost and Schreiber, Jens and Riedel, Sandra and Furth, Christian and Lougovski, Alexandr and Schramm, Georg and others},journal={BMC cancer},volume={14},number={1},pages={1--10},year={2014},publisher={BioMed Central}}
,
@article{van2013dual,title={Dual time point based quantification of metabolic uptake rates in 18 F-FDG PET},author={Van den Hoff, J{\"o}rg and Hofheinz, Frank and Oehme, Liane and Schramm, Georg and Langner, Jens and Beuthien-Baumann, Bettina and Steinbach, J{\"o}rg and Kotzerke, J{\"o}rg},journal={EJNMMI research},volume={3},number={1},pages={1--11},year={2013},publisher={SpringerOpen}}
,
@article { schramm2013,title = {Electromagnetic dipole strength up to the neutron separation energy from 196Pt(Î³,Î³â²) and 195Pt(n,Î³) reactions},journal = {Physical Review C - Nuclear Physics},year = {2013},volume = {87},number = {4},author = {Massarczyk, R. and Schramm, G. and Junghans, A.R. and Schwengner, R. and Anders, M. and Belgya, T. and Beyer, R. and Birgersson, E. and Ferrari, A. and Grosse, E. and Hannaske, R. and Kis, Z. and KÃ¶gler, T. and Kosev, K. and Marta, M. and SzentmiklÃ³si, L. and Wagner, A. and Weil, J.L.}},
@article{schramm2013influence,title={Influence and compensation of truncation artifacts in MR-based attenuation correction in PET/MR},author={Schramm, Georg and Langner, Jens and Hofheinz, Frank and Petr, Jan and Lougovski, Alexandr and Beuthien-Baumann, Bettina and Platzek, Ivan and van den Hoff, J{\"o}rg},journal={IEEE transactions on medical imaging},volume={32},number={11},pages={2056--2063},year={2013},publisher={IEEE}}
,
@article{hannaske2013neutron,title={Neutron total cross section measurements of gold and tantalum at the nELBE photoneutron source},author={Hannaske, Roland and Elekes, Zoltan and Beyer, Roland and Junghans, Arnd and Bemmerer, Daniel and Birgersson, Evert and Ferrari, Anna and Grosse, Eckart and Kempe, Mathias and K{\"o}gler, Toni and others},journal={The European Physical Journal A},volume={49},number={11},pages={137},year={2013},publisher={Springer Berlin Heidelberg}}
,
@article{platzek2013pet,title={PET/MR for therapy response evaluation in malignant lymphoma: initial experience},author={Platzek, Ivan and Beuthien-Baumann, Bettina and Langner, Jens and Popp, Manuel and Schramm, Georg and Ordemann, Rainer and Laniado, Michael and Kotzerke, J{\"o}rg and van den Hoff, J{\"o}rg},journal={Magnetic Resonance Materials in Physics, Biology and Medicine},volume={26},number={1},pages={49--55},year={2013},publisher={Springer-Verlag}}
,
@article{platzek2013pet,title={PET/MRI in head and neck cancer: initial experience},author={Platzek, Ivan and Beuthien-Baumann, Bettina and Schneider, Matthias and Gudziol, Volker and Langner, Jens and Schramm, Georg and Laniado, Michael and Kotzerke, J{\"o}rg and van den Hoff, J{\"o}rg},journal={European journal of nuclear medicine and molecular imaging},volume={40},number={1},pages={6--11},year={2013},publisher={Springer-Verlag}}
,
@article{petr2013partial,title={Partial volume correction in arterial spin labeling using a Look-Locker sequence},author={Petr, Jan and Schramm, Georg and Hofheinz, Frank and Langner, Jens and van den Hoff, J{\"o}rg},journal={Magnetic resonance in medicine},volume={70},number={6},pages={1535--1543},year={2013}}
,
@article{schramm2013quantitative,title={Quantitative accuracy of attenuation correction in the Philips Ingenuity TF whole-body PET/MR system: a direct comparison with transmission-based attenuation correction},author={Schramm, Georg and Langner, Jens and Hofheinz, Frank and Petr, Jan and Beuthien-Baumann, Bettina and Platzek, Ivan and Steinbach, J{\"o}rg and Kotzerke, J{\"o}rg and van den Hoff, J{\"o}rg},journal={Magnetic Resonance Materials in Physics, Biology and Medicine},volume={26},number={1},pages={115--126},year={2013},publisher={Springer-Verlag}}
,
@article{van2013pet,title={The PET-derived tumor-to-blood standard uptake ratio (SUR) is superior to tumor SUV as a surrogate parameter of the metabolic rate of FDG},author={van den Hoff, J{\"o}rg and Oehme, Liane and Schramm, Georg and Maus, Jens and Lougovski, Alexandr and Petr, Jan and Beuthien-Baumann, Bettina and Hofheinz, Frank},journal={EJNMMI research},volume={3},number={1},pages={1--8},year={2013},publisher={SpringerOpen}}
,
@article {schramm2012,title = {Dipole strength in 78Se below the neutron separation energy from a combined analysis of 77Se(n,Î³) and 78Se(Î³,Î³ â²) experiments},journal = {Physical Review C - Nuclear Physics},year = {2012},volume = {85},number = {1},author = {Schramm, G. and Massarczyk, R. and Junghans, A.R. and Belgya, T. and Beyer, R. and Birgersson, E. and Grosse, E. and Kempe, M. and Kis, Z. and Kosev, K. and KrtiÄka, M. and Matic, A. and Schilling, K.D. and Schwengner, R. and SzentmiklÃ³si, L. and Wagner, A. and Weil, J.L.}},
@article{massarczyk2012electromagnetic,title={Electromagnetic dipole strength of 136 Ba below the neutron separation energy},author={Massarczyk, R and Schwengner, R and D{\"o}nau, F and Litvinova, E and Rusev, G and Beyer, R and Hannaske, R and Junghans, AR and Kempe, M and Kelley, JH and others},journal={Physical Review C},volume={86},number={1},pages={014319},year={2012},publisher={American Physical Society}}
,
@article{beuthien2012improved,title={Improved anatomic visualization of a glomus caroticum tumour within the carotic bifurcation with combined 68Ga-DOTATATE PET/MRI},author={Beuthien-Baumann, Bettina and Platzek, Ivan and Lauterbach, Ingrid and van den Hoff, J{\"o}rg and Schramm, Georg and Z{\"o}phel, Klaus and Laniado, Michael and Kotzerke, J{\"o}rg},journal={European journal of nuclear medicine and molecular imaging},volume={39},number={6},pages={1087--1088},year={2012},publisher={Springer-Verlag}}
,
@article {schramm2011,title = {Electromagnetic strength in heavy nuclei - Experiments and a global fit},journal = {International Journal of Modern Physics E},year = {2011},volume = {20},number = {2},pages = {431-442},author = {Beyer, R. and Birgersson, E. and Junghans, A.R. and Massarczyk, R. and Schramm, G. and Schwengner, R. and Grosse, E.}},
